<record><leader>00000cas a22000007a 4500</leader><controlfield tag="001">14205744</controlfield><controlfield tag="008">860911d190119uupauwr ne      0    0eng d</controlfield><datafield ind1=" " ind2=" " tag="010"><subfield code="a">sn 86083200 </subfield></datafield><datafield ind1=" " ind2=" " tag="040"><subfield code="a">NPH</subfield><subfield code="b">eng</subfield><subfield code="c">NPH</subfield><subfield code="d">OCLCQ</subfield></datafield><datafield ind1=" " ind2=" " tag="042"><subfield code="a">msc</subfield></datafield><datafield ind1="0" ind2=" " tag="130"><subfield code="a">California sentinel (California, Pa. : 1901)</subfield></datafield><datafield ind1="1" ind2="4" tag="245"><subfield code="a">The California sentinel.</subfield></datafield><datafield ind1=" " ind2=" " tag="260"><subfield code="a">California, Washington County, Pa. :</subfield><subfield code="b">Sentinel Pub. Co.</subfield></datafield><datafield ind1=" " ind2=" " tag="300"><subfield code="a">v. ;</subfield><subfield code="c">55 cm.</subfield></datafield><datafield ind1=" " ind2=" " tag="310"><subfield code="a">Weekly</subfield></datafield><datafield ind1="1" ind2=" " tag="362"><subfield code="a">Began in 1901?</subfield><subfield code="z">Cf. Rossell, G. Pa. newspapers.</subfield></datafield><datafield ind1=" " ind2=" " tag="588"><subfield code="a">Description based on: Vol. 20, no. 51 (Dec. 16, 1904).</subfield></datafield><datafield ind1=" " ind2=" " tag="752"><subfield code="a">United States</subfield><subfield code="b">Pennsylvania</subfield><subfield code="c">Washington</subfield><subfield code="d">California.</subfield></datafield><datafield ind1="0" ind2="0" tag="785"><subfield code="t">Sentinel (California, Pa.)</subfield><subfield code="w">(DLC)sn 86083205</subfield></datafield></record>